<?xml version="1.0" encoding="UTF-8"?>
<collection xmlns:xsi="http://www.w3.org/2001/XMLSchema-instance" xsi:schemaLocation="http://www.loc.gov/MARC21/slim http://www.loc.gov/standards/marcxml/schema/MARC21slim.xsd" xmlns="http://www.loc.gov/MARC21/slim">
<record>
  <leader>00836cam a22002171  4500</leader>
  <controlfield tag="001">3079716</controlfield>
  <controlfield tag="003">NNC</controlfield>
  <controlfield tag="005">20121018201628.0</controlfield>
  <controlfield tag="008">010905s1903    ua            000 0 ara d</controlfield>
  <datafield tag="035" ind1=" " ind2=" ">
    <subfield code="a">(OCoLC)ocm47911821</subfield>
  </datafield>
  <datafield tag="035" ind1=" " ind2=" ">
    <subfield code="9">ATQ4697CU</subfield>
  </datafield>
  <datafield tag="035" ind1=" " ind2=" ">
    <subfield code="a">(NNC)3079716</subfield>
  </datafield>
  <datafield tag="040" ind1=" " ind2=" ">
    <subfield code="a">ZCU</subfield>
    <subfield code="c">ZCU</subfield>
  </datafield>
  <datafield tag="099" ind1=" " ind2=" ">
    <subfield code="a">893.791</subfield>
    <subfield code="a">M39</subfield>
  </datafield>
  <datafield tag="100" ind1="1" ind2=" ">
    <subfield code="a">Taftāzānī, Masʻūd ibn ʻUmar,</subfield>
    <subfield code="d">1322-1389?</subfield>
  </datafield>
  <datafield tag="240" ind1="1" ind2="0">
    <subfield code="a">Sharḥ al-ʻAqāʼid al-Nasafīyah</subfield>
  </datafield>
  <datafield tag="245" ind1="1" ind2="0">
    <subfield code="a">Sharḥ Saʻd al-Dīn al-Taftāzānī ʻalā al-Aqāʾid al-Nasafīyah li-ʻUmar al-Nasafī;</subfield>
    <subfield code="b">mudhayyalan bi-Ḥāshiyat al-Khayālī; wa-muhammashan bi-Sharḥ al-ʻIṣām ʻalā al-Sharḥ al-madhkūr.</subfield>
  </datafield>
  <datafield tag="260" ind1=" " ind2=" ">
    <subfield code="a">Miṣr,</subfield>
    <subfield code="b">Muṣṭafā al-Bābī al-Ḥalabī</subfield>
    <subfield code="c">[1321 h., 1903 m.]</subfield>
  </datafield>
  <datafield tag="300" ind1=" " ind2=" ">
    <subfield code="a">148 p.</subfield>
  </datafield>
  <datafield tag="650" ind1=" " ind2="0">
    <subfield code="a">Islam</subfield>
    <subfield code="x">Doctrines</subfield>
    <subfield code="v">Early works to 1800.</subfield>
  </datafield>
  <datafield tag="955" ind1=" " ind2=" ">
    <subfield code="b">0040289427</subfield>
    <subfield code="d">glx</subfield>
    <subfield code="e">893.791 M39</subfield>
  </datafield>
</record>
</collection>